@misc{why05,
    author = "_why",
    title = "Try Ruby is Done, Makes HTML Now",
    howpublished = "\url{https://web.archive.org/web/20051224030709/http://redhanded.hobix.com/inspect/tryRubyTutorialIsDone.html}",
    month = "December",
    year = "2005"
}

@book{fowler10,
    author = "Martin Fowler and Rebecca Parsons",
    title = "Domain-Specific Languages",
    publisher = "Addison-Wesley Professional",
    year = "2010"
}

@misc{google13,
    author = "Google",
    title = "The Go Programming Language Specification",
    url = "http://golang.org/ref/spec",
    month = may,
    year = "2013"
}

@misc{infocom,
    author = "Infocom",
    title = "Company History",
    howpublished = "\url{http://www.infocom-if.org/company/company.html}"
}

@misc{readline,
    author = "Chet Ramey",
    title = "The GNU Readline Library",
    howpublished = "\url{https://www.gnu.org/s/readline/}"
}

@article{wirth77,
    author = {Wirth, Niklaus},
    title = {What can we do about the unnecessary diversity of notation for syntactic definitions?},
    journal = {Commun. ACM},
    issue_date = {Nov. 1977},
    volume = {20},
    number = {11},
    month = nov,
    year = {1977},
    pages = {822--823},
    numpages = {2},
    publisher = {ACM},
    address = {New York, NY, USA},
    keywords = {extended BNF, syntactic description language},
}

@book{upt02,
  author = {Powers, Shelley and Peek, Jerry and O'Reilly, Tim and Loukides, Mike},
  day = 01,
  edition = {3rd},
  howpublished = {Paperback},
  month = oct,
  publisher = {O'Reilly Media, Inc.},
  timestamp = {2012-02-26T12:35:47.000+0100},
  title = {Unix Power Tools, Third Edition},
  year = 2002
}

@book{dragonbook06,
    author = {Aho, Alfred V. and Lam, Monica S. and Sethi, Ravi and Ullman, Jeffrey D.},
    howpublished = {Hardcover},
    month = {August},
    publisher = {{Addison Wesley}},
    title = {Compilers: Principles, Techniques, and Tools (2nd Edition)},
    year = 2006
}

@book{louden03,
  title={Programming Languages: Principles and Practice},
  author={Louden, Kenneth C.},
  year={2003},
  publisher={Brooks/Cole-Thomson learning}
}

%        wp:vt100
%        statistical method
